@online{BrewersFriend,
author = "Unkown",
title = "Beer Styles-Alcohol by Volume Bar Graph",
url = 
"https://www.brewersfriend.com/2009/01/04/beer-styles-alcohol-by-volume-bar-graph/"
}

@article{WSJ,
author = "AP Press",
title = "{Growth of New York state craft alcohol industry continues}",
Date = "3-16-2018"
}


