@online{BrewersFriend,
author = {BrewersFriend.com},
title = "Beer Styles-Alcohol by Volume Bar Graph",
year = {2009},
url = "https://www.brewersfriend.com/2009/01/04/beer-styles-alcohol-by-volume-bar-graph/",
urldate = {2018-04-14}
},

@online{BrewersFriend2,
author = {BrewersFriend.com},
title = "National Beer Sales and Production Data",
year = {2017},
url = "https://www.brewersassociation.org/statistics/national-beer-sales-production-data/",
urldate = {2018-04-14}
},

@article{wall_street_journal_2018,
title={Growth of New York State Craft Alcohol Industry Continues},
url={https://www.wsj.com/articles/AP4d5312f439374c58b5cdae6135de3fd6?mod=searchresults&page=1&pos=12},
journal={The Wall Street Journal},
author={Press, Associate},
year={2018}
},

@article{beersnobs,
author = {Gonz√°lez, Daniel and Mccluskey, Jill and Mittelhammer, Ron},
year = {2014},
month = {08},
pages = {1-14},
title = {Beer Snobs Do Exist: Estimation of Beer Demand by Type},
volume = {39},
booktitle = {Journal of Agricultural and Resource Economics}
},

@article{elzinga_tremblay_tremblay_2015,
title={Craft Beer in the United States: History, Numbers, and Geography},
volume={10},
url={http://www.wine-economics.org/aawe/wp-content/uploads/2015/12/Vol.10-Issue03-Craft-Beer-in-the-United-States-History-Numbers-and-Geography-by-Kenneth-G.-Elzinga.pdf},
DOI={10.1017/jwe.2015.22},
number={03},
journal={Journal of Wine Economics},
author={Elzinga, Kenneth G. and Tremblay, Carol Horton and Tremblay, Victor J.},
year={2015},
pages={242-274}
},

@article{thompson_2018,
title={Craft Beer Is the Strangest, Happiest Economic Story in America},
url={https://www.theatlantic.com/business/archive/2018/01/craft-beer-industry/550850/},
journal={The Atlantic},
author={Thompson, Derek},
year={2018}
},
