@article{article,
author = {Gonz√°lez, Daniel and Mccluskey, Jill and Mittelhammer, Ron},
year = {2014},
month = {08},
pages = {1-14},
title = {Beer Snobs Do Exist: Estimation of Beer Demand by Type},
volume = {39},
booktitle = {Journal of Agricultural and Resource Economics}
}